@misc{glisc,
	author={{Grey Literature International Steering Committee}},
	title={{GLISC}},
	month={oct},
	year={2014},
	note = "[Online; acedido em Outubro 2014]"
}

@article{kill-chain,
	author = {Supragya Karki},
	title = {Cyber Kill Chain — Offensive and Defensive Approach},
	journal = {CryptoGen Nepal},
	year = {2021},
}

@misc{top-10,
	author = {The OWASP Foundation},
	title = {OWASP Top Ten},
	year = {2021},
	note = "[Edição mais recente]",
	url = {https://owasp.org/www-project-top-ten/},
}

@misc{docker-logic,
	author = {The Docker Team},
	title = {Docker Overview},
	url = {https://docs.docker.com/get-started/overview/},
}