%! Author = tiagorg
%! Date = 31/01/2023

